[gd_scene load_steps=9 format=2]

[ext_resource path="res://scripts/World.gd" type="Script" id=1]
[ext_resource path="res://scenes/smallEnemy.tscn" type="PackedScene" id=2]
[ext_resource path="res://scenes/Asteroid.tscn" type="PackedScene" id=3]
[ext_resource path="res://scenes/Player.tscn" type="PackedScene" id=4]
[ext_resource path="res://scenes/PlayerBullet.tscn" type="PackedScene" id=5]
[ext_resource path="res://scenes/HUD.tscn" type="PackedScene" id=6]
[ext_resource path="res://assets/sfx/gameStart.wav" type="AudioStream" id=7]

[sub_resource type="Curve2D" id=1]

_data = {
"points": PoolVector2Array( 0, 0, 0, 0, 0.0477333, -4.78698, 0, 0, 0, 0, 63.59, -5.0853, 0, 0, 0, 0, 23.1857, -5.08826 )
}

[node name="World" type="Node2D"]
script = ExtResource( 1 )
Enemy = ExtResource( 2 )
Asteroid = ExtResource( 3 )
enemySpawnRate = 1.5

[node name="Background" type="ColorRect" parent="."]
margin_left = -12.0
margin_top = -7.0
margin_right = 79.0
margin_bottom = 76.0
color = Color( 0.211765, 0.278431, 0.858824, 1 )

[node name="Bullets" type="Node2D" parent="."]

[node name="Obstacles" type="Node2D" parent="."]

[node name="EnemySpawnTimer" type="Timer" parent="."]

[node name="Player" parent="." instance=ExtResource( 4 )]
position = Vector2( 30.5, 56 )
MOVEMENT_SPEED = 24.0
Bullet = ExtResource( 5 )
gunCooldown = 0.25
bulletSpeed = 57.0

[node name="EnemyPath" type="Path2D" parent="."]
curve = SubResource( 1 )

[node name="EnemySpawnLocation" type="PathFollow2D" parent="EnemyPath"]
position = Vector2( 0.0477333, -4.78698 )
rotation = -0.00469474

[node name="HUD" parent="." instance=ExtResource( 6 )]

[node name="StartSound" type="AudioStreamPlayer" parent="."]
stream = ExtResource( 7 )

[connection signal="updateScore" from="." to="HUD" method="_on_World_updateScore"]
[connection signal="timeout" from="EnemySpawnTimer" to="." method="_on_EnemySpawnTimer_timeout"]
[connection signal="gameOver" from="Player" to="." method="gameOver"]
[connection signal="shoot" from="Player" to="." method="_onShoot"]
